@inbook{IERS2010,
   title = {IERS Conventions},
   editor = {Petit, Gérard and Luzum, Brian},
   publisher = {Verlag des Bundesamts für Kartographie und Geodäsie},
   address = {Frankfurt am Main},
   ISBN = {3-89888-989-6},
   year = {2010},
   type = {Book}
}

@inbook{Agnew2015,
   author = {Agnew, D. C.},
   title = {Earth Tides},
   booktitle = {Treatise on Geophysics},
   pages = {151-178},
   ISBN = {9780444538031},
   DOI = {10.1016/b978-0-444-53802-4.00058-0},
   year = {2015},
   type = {Book Section}
}

@article{Allinson2004,
   author = {Allinson, C. R.},
   title = {Stability of direct GPS estimates of ocean tide loading},
   journal = {Geophysical Research Letters},
   volume = {31},
   number = {15},
   ISSN = {0094-8276},
   DOI = {10.1029/2004gl020588},
   year = {2004},
   type = {Journal Article}
}

@article{Baker1984,
   author = {Baker, T. F.},
   title = {Tidal Deformations of the Earth},
   journal = {Science Progress},
   volume = {69},
   number = {274},
   pages = {197-233},
   ISSN = {0036-8504},
   year = {1984},
   type = {Journal Article}
}

@article{Bar-Sever1998,
   author = {Bar-Sever, Yoaz E. and Kroger, Peter M. and Borjesson, Jorgen A.},
   title = {Estimating horizontal gradients of tropospheric path delay with a single GPS receiver},
   journal = {Journal of Geophysical Research: Solid Earth},
   volume = {103},
   number = {B3},
   pages = {5019-5035},
   ISSN = {01480227},
   DOI = {10.1029/97jb03534},
   year = {1998},
   type = {Journal Article}
}

@article{Bertiger2010,
   author = {Bertiger, Willy and Desai, Shailen D. and Haines, Bruce and Harvey, Nate and Moore, Angelyn W. and Owen, Susan and Weiss, Jan P.},
   title = {Single receiver phase ambiguity resolution with GPS data},
   journal = {Journal of Geodesy},
   volume = {84},
   number = {5},
   pages = {327-337},
   ISSN = {0949-7714
1432-1394},
   DOI = {10.1007/s00190-010-0371-9},
   year = {2010},
   type = {Journal Article}
}

@article{Blewitt2003,
   author = {Blewitt, Geoffrey},
   title = {Self-consistency in reference frames, geocenter definition, and surface loading of the solid Earth},
   journal = {Journal of Geophysical Research: Solid Earth},
   volume = {108},
   number = {B2},
   ISSN = {01480227},
   DOI = {10.1029/2002jb002082},
   year = {2003},
   type = {Journal Article}
}

@article{Boehm2006,
   author = {Boehm, Johannes and Werl, Birgit and Schuh, Harald},
   title = {Troposphere mapping functions for GPS and very long baseline interferometry from European Centre for Medium-Range Weather Forecasts operational analysis data},
   journal = {Journal of Geophysical Research: Solid Earth},
   volume = {111},
   number = {B02406},
   DOI = {10.1029/2005jb003629},
   year = {2006},
   type = {Journal Article}
}

@phdthesis{Bos2000,
   author = {Bos, M. S.},
   title = {Ocean Tide Loading Using Improved Ocean Tide Models},
   school = {University of Liverpool},
   year = {2000},
   month = {11},
   type = {Thesis}
}
@article{bos_baker_2005,
	title = {An estimate of the errors in gravity ocean tide loading computations},
	volume = {79},
	issn = {1432-1394},
	url = {https://doi.org/10.1007/s00190-005-0442-5},
	doi = {10.1007/s00190-005-0442-5},
	language = {en},
	number = {1},
	urldate = {2020-06-17},
	journal = {Journal of Geodesy},
	author = {Bos, Machiel S. and Baker, T. F.},
	month = jun,
	year = {2005},
	pages = {50--63},
}
@article{Bos2015,
   author = {Bos, M. S. and Penna, N. T. and Baker, T. F. and Clarke, P. J.},
   title = {Ocean tide loading displacements in western Europe: 2. GPS-observed anelastic dispersion in the asthenosphere},
   journal = {Journal of Geophysical Research-Solid Earth},
   volume = {120},
   number = {9},
   pages = {6540-6557},
   ISSN = {2169-9313},
   DOI = {10.1002/2015jb011884},
   year = {2015},
   type = {Journal Article}
}

@article{Boy2003,
   author = {Boy, J. P. and Llubes, M. and Hinderer, Jacques and Florsch, Nicolas},
   title = {A comparison of tidal ocean loading models using superconducting gravimeter data},
   journal = {Journal of Geophysical Research: Solid Earth},
   volume = {108},
   number = {B4},
   ISSN = {01480227},
   DOI = {10.1029/2002jb002050},
   year = {2003},
   type = {Journal Article}
}

@article{Dziewonski1981,
   author = {Dziewonski, Adam M. and Anderson, Don L.},
   title = {Preliminary reference Earth model},
   journal = {Physics of the Earth and Planetary Interiors},
   volume = {25},
   number = {4},
   pages = {297-356},
   ISSN = {00319201},
   DOI = {10.1016/0031-9201(81)90046-7},
   year = {1981},
   type = {Journal Article}
}

@article{Farrell1972,
   author = {Farrell, W. E.},
   title = {Deformation of the Earth by surface loads},
   journal = {Reviews of Geophysics},
   volume = {10},
   number = {3},
   ISSN = {8755-1209},
   DOI = {10.1029/RG010i003p00761},
   year = {1972},
   type = {Journal Article}
}

@article{Foreman1989,
   author = {Foreman, M. G. G. and Henry, R. F.},
   title = {The harmonic analysis of tidal model time series},
   journal = {Advances in Water Resources},
   volume = {12},
   number = {3},
   pages = {109-120},
   ISSN = {03091708},
   DOI = {10.1016/0309-1708(89)90017-1},
   year = {1989},
   type = {Journal Article}
}

@article{Griffiths2019,
   author = {Griffiths, Jake},
   title = {Combined orbits and clocks from IGS second reprocessing},
   journal = {J Geod},
   volume = {93},
   number = {2},
   pages = {177-195},
   ISSN = {0949-7714 (Print)
0949-7714 (Linking)},
   DOI = {10.1007/s00190-018-1149-8},
   url = {https://www.ncbi.nlm.nih.gov/pubmed/30880878},
   year = {2019},
   type = {Journal Article}
}

@article{Griffiths2009,
   author = {Griffiths, Jake and Ray, Jim R.},
   title = {On the precision and accuracy of IGS orbits},
   journal = {Journal of Geodesy},
   volume = {83},
   number = {3-4},
   pages = {277-287},
   ISSN = {0949-7714
1432-1394},
   DOI = {10.1007/s00190-008-0237-6},
   year = {2009},
   type = {Journal Article}
}

@article{Ito2011,
   author = {Ito, T. and Simons, M.},
   title = {Probing asthenospheric density, temperature, and elastic moduli below the western United States},
   journal = {Science},
   volume = {332},
   number = {6032},
   pages = {947-51},
   ISSN = {1095-9203 (Electronic)
0036-8075 (Linking)},
   DOI = {10.1126/science.1202584},
   url = {https://www.ncbi.nlm.nih.gov/pubmed/21493821},
   year = {2011},
   type = {Journal Article}
}

@inbook{Jentzsch1997,
   author = {Jentzsch, Gerhard},
   title = {Earth tides and ocean tidal loading},
   booktitle = {Tidal Phenomena},
   publisher = {Springer-Verlag},
   pages = {145-171},
   ISBN = {3540628339},
   DOI = {10.1007/bfb0011461},
   url = {10.1007/bfb0011461},
   year = {1997},
   type = {Book Section}
}

@inbook{Johnston2017,
   author = {Johnston, Gary and Riddell, Anna and Hausler, Grant},
   title = {The International GNSS Service},
   booktitle = {Springer Handbook of Global Navigation Satellite Systems},
   chapter = {Chapter 33},
   pages = {967-982},
   ISBN = {978-3-319-42926-7
978-3-319-42928-1},
   DOI = {10.1007/978-3-319-42928-1_33},
   year = {2017},
   type = {Book Section}
}

@article{Khan2001,
   author = {Khan, Shfaqat Abbas and Tscherning, Carl Christian},
   title = {Determination of semi-diurnal ocean tide loading constituents using GPS in Alaska},
   journal = {Geophysical Research Letters},
   volume = {28},
   number = {11},
   pages = {2249-2252},
   ISSN = {00948276},
   DOI = {10.1029/2000gl011890},
   year = {2001},
   type = {Journal Article}
}

@article{King2006,
   author = {King, Matt A.},
   title = {Kinematic and static GPS techniques for estimating tidal displacements with application to Antarctica},
   journal = {Journal of Geodynamics},
   volume = {41},
   number = {1-3},
   pages = {77-86},
   ISSN = {02643707},
   DOI = {10.1016/j.jog.2005.08.019},
   year = {2006},
   type = {Journal Article}
}

@article{King2003,
   author = {King, Matt A. and Aoki, Shigeru},
   title = {Tidal observations on floating ice using a single GPS receiver},
   journal = {Geophysical Research Letters},
   volume = {30},
   number = {3},
   ISSN = {0094-8276},
   DOI = {10.1029/2002gl016182},
   year = {2003},
   type = {Journal Article}
}

@article{King2005,
   author = {King, Matt A. and Penna, N. T. and Clarke, P. J. and King, E. C.},
   title = {Validation of ocean tide models around Antarctica using onshore GPS and gravity data},
   journal = {Journal of Geophysical Research-Solid Earth},
   volume = {110},
   number = {B8},
   ISSN = {2169-9313},
   DOI = {Artn B08401
10.1029/2004jb003390},
   year = {2005},
   type = {Journal Article}
}

@techreport{Kouba2009,
   author = {Kouba, Jan},
   title = {A guide to using International GNSS Service (IGS) Products},
   institution = {Geodetic Survey Division, Natural Resources Canada},
   year = {2009},
   type = {Report}
}

@article{Lau2017,
   author = {Lau, H. C. P. and Mitrovica, J. X. and Davis, J. L. and Tromp, J. and Yang, H. Y. and Al-Attar, D.},
   title = {Tidal tomography constrains Earth's deep-mantle buoyancy},
   journal = {Nature},
   volume = {551},
   number = {7680},
   pages = {321-326},
   ISSN = {1476-4687 (Electronic)
0028-0836 (Linking)},
   DOI = {10.1038/nature24452},
   url = {https://www.ncbi.nlm.nih.gov/pubmed/29144451},
   year = {2017},
   type = {Journal Article}
}

@article{Lyard2006,
   author = {Lyard, Florent and Lefevre, Fabien and Letellier, Thierry and Francis, Olivier},
   title = {Modelling the global ocean tides: modern insights from FES2004},
   journal = {Ocean Dynamics},
   volume = {56},
   number = {5-6},
   pages = {394-415},
   ISSN = {1616-7341
1616-7228},
   DOI = {10.1007/s10236-006-0086-x},
   year = {2006},
   type = {Journal Article}
}

@article{Martens2016,
   author = {Martens, Hilary R. and Simons, Mark and Owen, Susan and Rivera, Luis},
   title = {Observations of ocean tidal load response in South America from subdaily GPS positions},
   journal = {Geophysical Journal International},
   volume = {205},
   number = {3},
   pages = {1637-1664},
   ISSN = {0956-540X
1365-246X},
   DOI = {10.1093/gji/ggw087},
   year = {2016},
   type = {Journal Article}
}

@article{Penna2015,
   author = {Penna, N. T. and Clarke, P. J. and Bos, M. S. and Baker, T. F.},
   title = {Ocean tide loading displacements in western Europe: 1. Validation of kinematic GPS estimates},
   journal = {Journal of Geophysical Research-Solid Earth},
   volume = {120},
   number = {9},
   pages = {6523-6539},
   ISSN = {2169-9313},
   DOI = {10.1002/2015jb011882},
   year = {2015},
   type = {Journal Article}
}

@article{Schenewerk2001,
   author = {Schenewerk, Mark S. and Marshall, J. and Dillinger, William},
   title = {Vertical Ocean-loading Deformations Derived from a Global GPS Network},
   journal = {Journal of the Geodetic Society of Japan},
   volume = {47},
   number = {1},
   pages = {237-242},
   DOI = {10.11366/sokuchi1954.47.237},
   year = {2001},
   type = {Journal Article}
}

@article{Stammer2014,
   author = {Stammer, D. and Ray, R. D. and Andersen, O. B. and Arbic, B. K. and Bosch, W. and Carrère, L. and Cheng, Y. and Chinn, D. S. and Dushaw, B. D. and Egbert, G. D. and Erofeeva, S. Y. and Fok, H. S. and Green, J. A. M. and Griffiths, S. and King, Matt A. and Lapin, V. and Lemoine, F. G. and Luthcke, S. B. and Lyard, F. and Morison, J. and Müller, M. and Padman, L. and Richman, J. G. and Shriver, J. F. and Shum, C. K. and Taguchi, E. and Yi, Y.},
   title = {Accuracy assessment of global barotropic ocean tide models},
   journal = {Reviews of Geophysics},
   volume = {52},
   number = {3},
   pages = {243-282},
   ISSN = {87551209},
   DOI = {10.1002/2014rg000450},
   year = {2014},
   type = {Journal Article}
}

@article{repro2015,
   author = {Susnik, Andreja and Dach, Rolf and Villiger, Arturo and Maier, Andrea and Arnold, Daniel and Schaer, Stefan and Jäggi, Adrian},
   title = {CODE reprocessing product series},
   journal = {CODE\_REPRO\_2015},
   DOI = {10.7892/boris.80011},
   url = {http://ftp.aiub.unibe.ch/REPRO_2015/},
   year = {2016},
   type = {Journal Article}
}


@article{Thomas2006,
   author = {Thomas, Ian D. and King, Matt A. and Clarke, Peter J.},
   title = {A comparison of GPS, VLBI and model estimates of ocean tide loading displacements},
   journal = {Journal of Geodesy},
   volume = {81},
   number = {5},
   pages = {359-368},
   ISSN = {0949-7714
1432-1394},
   DOI = {10.1007/s00190-006-0118-9},
   year = {2006},
   type = {Journal Article}
}

@article{Urschl2005,
   author = {Urschl, C. and Dach, R. and Hugentobler, U. and Schaer, S. and Beutler, G.},
   title = {Validating ocean tide loading models using GPS},
   journal = {Journal of Geodesy},
   volume = {78},
   number = {10},
   pages = {616-625},
   ISSN = {0949-7714
1432-1394},
   DOI = {10.1007/s00190-004-0427-9},
   year = {2005},
   type = {Journal Article}
}

@article{Wang2019,
	title = {Asthenospheric anelasticity effects on ocean tide loading around the {East} {China} {Sea} observed with {GPS}},
	volume = {11},
	issn = {1869-9529},
	url = {https://www.solid-earth.net/11/185/2020/},
	doi = {10.5194/se-11-185-2020},
	language = {en},
	number = {1},
	urldate = {2020-04-14},
	journal = {Solid Earth},
	author = {Wang, Junjie and Penna, Nigel T. and Clarke, Peter J. and Bos, Machiel S.},
	month = feb,
	year = {2020},
	pages = {185--197},
}

@article{Wenzel1996,
   author = {Wenzel, H.-G.},
   title = {The nanogal software : Earth tide data processing package ETERNA 3.30},
   journal = {Bull. Inf. Marées Terrestres},
   volume = {124},
   pages = {9425–9439},
   year = {1996},
   type = {Journal Article}
}

@article{Yuan2012,
   author = {Yuan, L. G. and Chao, Benjamin F.},
   title = {Analysis of tidal signals in surface displacement measured by a dense continuous GPS array},
   journal = {Earth and Planetary Science Letters},
   volume = {355-356},
   pages = {255-261},
   ISSN = {0012821X},
   DOI = {10.1016/j.epsl.2012.08.035},
   year = {2012},
   type = {Journal Article}
}

@article{Yuan2013,
   author = {Yuan, L. G. and Chao, Benjamin Fong and Ding, Xiaoli and Zhong, Ping},
   title = {The tidal displacement field at Earth's surface determined using global GPS observations},
   journal = {Journal of Geophysical Research: Solid Earth},
   volume = {118},
   number = {5},
   pages = {2618-2632},
   ISSN = {21699313},
   DOI = {10.1002/jgrb.50159},
   year = {2013},
   type = {Journal Article}
}

@article{Zumberge1997,
   author = {Zumberge, J. F. and Heflin, M. B. and Jefferson, D. C. and Watkins, M. M. and Webb, F. H.},
   title = {Precise point positioning for the efficient and robust analysis of GPS data from large networks},
   journal = {Journal of Geophysical Research: Solid Earth},
   volume = {102},
   number = {B3},
   pages = {5005-5017},
   ISSN = {01480227},
   DOI = {10.1029/96jb03860},
   year = {1997},
   type = {Journal Article}
}

@article{abbondanza_jtrf2014_2017,
	title = {{JTRF2014}, the {JPL} {Kalman} filter and smoother realization of the {International} {Terrestrial} {Reference} {System}},
	volume = {122},
	copyright = {©2017. American Geophysical Union. California Institute of Technology. Government sponsorship acknowledged.},
	issn = {2169-9356},
	url = {https://agupubs.onlinelibrary.wiley.com/doi/abs/10.1002/2017JB014360},
	doi = {10.1002/2017JB014360},
	number = {10},
	urldate = {2020-06-24},
	journal = {Journal of Geophysical Research: Solid Earth},
	author = {Abbondanza, Claudio and Chin, Toshio M. and Gross, Richard S. and Heflin, Michael B. and Parker, Jay W. and Soja, Benedikt S. and van Dam, Tonie and Wu, Xiaoping},
	year = {2017},
	note = {\_eprint: https://agupubs.onlinelibrary.wiley.com/doi/pdf/10.1002/2017JB014360},
	pages = {8474--8510}
}

@article{fu_effect_2012,
	title = {The effect of using inconsistent ocean tidal loading models on {GPS} coordinate solutions},
	volume = {86},
	issn = {0949-7714, 1432-1394},
	url = {http://link.springer.com/10.1007/s00190-011-0528-1},
	doi = {10.1007/s00190-011-0528-1},
	language = {en},
	number = {6},
	urldate = {2020-07-07},
	journal = {Journal of Geodesy},
	author = {Fu, Yuning and Freymueller, Jeffrey T. and van Dam, Tonie},
	month = jun,
	year = {2012},
	pages = {409--421},
}
